<record><leader>00000cas a22000007a 4500</leader><controlfield tag="001">15746006</controlfield><controlfield tag="008">870529d18871887paudn ne      0    0eng d</controlfield><datafield ind1=" " ind2=" " tag="010"><subfield code="a">sn 87080284 </subfield></datafield><datafield ind1=" " ind2=" " tag="040"><subfield code="a">NPH</subfield><subfield code="b">eng</subfield><subfield code="c">NPH</subfield><subfield code="d">OCLCQ</subfield></datafield><datafield ind1=" " ind2=" " tag="042"><subfield code="a">msc</subfield></datafield><datafield ind1="0" ind2=" " tag="130"><subfield code="a">Daily progress (Freeland, Pa.)</subfield></datafield><datafield ind1="1" ind2="4" tag="245"><subfield code="a">The daily progress.</subfield></datafield><datafield ind1=" " ind2=" " tag="260"><subfield code="a">Freeland, Pa. :</subfield><subfield code="b">Owen Fowler</subfield></datafield><datafield ind1=" " ind2=" " tag="300"><subfield code="a">1 v. :</subfield><subfield code="b">ill. ;</subfield><subfield code="c">56 cm.</subfield></datafield><datafield ind1=" " ind2=" " tag="310"><subfield code="a">Daily (except Sunday)</subfield></datafield><datafield ind1="0" ind2=" " tag="362"><subfield code="a">Vol. 1, no. 1 (May 2, 1887)-v. 1, no. 130 (Sept. 30, 1887).</subfield></datafield><datafield ind1=" " ind2=" " tag="580"><subfield code="a">Also issued in a weekly ed. called: Freeland progress.</subfield></datafield><datafield ind1=" " ind2=" " tag="752"><subfield code="a">United States</subfield><subfield code="b">Pennsylvania</subfield><subfield code="c">Luzerne</subfield><subfield code="d">Freeland.</subfield></datafield><datafield ind1="1" ind2=" " tag="775"><subfield code="t">Freeland progress</subfield><subfield code="w">(DLC)sn 87080286</subfield></datafield></record>